@misc{Metropolis,
	title       = {{Métropolis (Metropolis)}},
	author      = {{Thea Von Harbou (roman et script), Fritz Lang (script), Fritz Lang}},
	country     = "xx",
	shorttitle  = {{Metropolis}},
  pitch       = {{Un monde séparé en deux : d'un côté les “penseurs”, qui pensent mais ne connaissent rien au fonctionnement des choses, de l'autre les “travailleurs”, qui produisent, mais n'ont aucune vision, aucun projet. Un jour, un “penseur” descend dans les bas-fonds, là où vivent les “travailleurs”.}},
	year        = "1927"
}

